<?xml version="1.0" encoding="UTF-8"?><collection><record><leader>05865ntm a2200697 a 4500</leader><controlfield tag="001">006795866</controlfield><controlfield tag="003">MiAaHDL</controlfield><controlfield tag="005">20190719000000.0</controlfield><controlfield tag="006">m        d        </controlfield><controlfield tag="007">cr bn ---auaua</controlfield><controlfield tag="008">090521q16001650xx            00| ||ara d</controlfield><datafield tag="035" ind1=" " ind2=" "><subfield code="a">(MiU)006795866</subfield></datafield><datafield tag="035" ind1=" " ind2=" "><subfield code="a">sdr-miu006795866</subfield></datafield><datafield tag="040" ind1=" " ind2=" "><subfield code="a">MiU</subfield><subfield code="c">MiU</subfield><subfield code="e">amremm</subfield></datafield><datafield tag="043" ind1=" " ind2=" "><subfield code="a">n-us-mi</subfield></datafield><datafield tag="100" ind1="1" ind2=" "><subfield code="6">880-01</subfield><subfield code="a">Ibn al-Ḥājib, ʻUthmān ibn ʻUmar,</subfield><subfield code="d">1175-1249.</subfield></datafield><datafield tag="245" ind1="1" ind2="3"><subfield code="6">880-03</subfield><subfield code="a">[al-Kāfiyah maʻa al-Shāfiyah,</subfield><subfield code="f">17th century].</subfield></datafield><datafield tag="246" ind1="3" ind2=" "><subfield code="i">Edge title (tail):</subfield><subfield code="a">متن الكافية والشافية</subfield></datafield><datafield tag="260" ind1=" " ind2=" "><subfield code="c">[1600-1650].</subfield></datafield><datafield tag="300" ind1=" " ind2=" "><subfield code="a">120 leaves :</subfield><subfield code="b">paper ;</subfield><subfield code="c">226 x 155 (143 x 65) mm. bound to 227 x 160 mm.</subfield></datafield><datafield tag="500" ind1=" " ind2=" "><subfield code="a">Shelfmark: Ann Arbor, University of Michigan, Special Collections Library, Isl. Ms. 223</subfield></datafield><datafield tag="500" ind1=" " ind2=" "><subfield code="a">Origin: Lacks dated colophon ; paper suggests first half of 17th century.</subfield></datafield><datafield tag="500" ind1=" " ind2=" "><subfield code="a">Former shelfmark: "249 T. De M. [i.e. Tammaro De Marinis]" inscribed in pencil on verso of front flyleaf ; "91" inscribed in pencil on 'title page' (p.3).</subfield></datafield><datafield tag="500" ind1=" " ind2=" "><subfield code="a">Binding: Pasteboards covered in black leather with spine and foreedge in dark brown leather ; Type II binding (with flap) ; doublures in deep red leather with dark brown leather filigree appliqué over blue paper ; pastedowns in salmon-colored paper ; upper and lower covers carry stamped and gold-painted mandorla (filled with vegetal composition, compare Déroche class. NSd 7), pendants and cornerpieces ; sewn in red thread, two stations, with many broken threads and hence loose quires ; worked chevron endbands in red and yellow, headband fully intact and tailband partially gone ; overall in poor condition with fair condition with abrasion, staining, lifting and losses of leather, pest damage, etc.</subfield></datafield><datafield tag="500" ind1=" " ind2=" "><subfield code="a">Support: non-European (Persian) laid paper with 8 laid lines per cm. (mainly vertical with some curving and sagging) and regularly spaced chain lines faintly visible ; smooth and well-burnised ; some staining.</subfield></datafield><datafield tag="500" ind1=" " ind2=" "><subfield code="a">Decoration: Elegant illuminated headpiece (ʻunwān) at the opening of each work (p.4 and p.126) each consisting of rectangular piece with cartouche carrying the basmalah surmounted by scalloped semi-circular piece (dome), both pieces filled with swirling vegetal floral design on fields of gold and lapis lazuli and surmounted by vertical stalks (tīgh) ; keywords rubricated ; text of written area surrounded by gold frame.</subfield></datafield><datafield tag="500" ind1=" " ind2=" "><subfield code="a">Script: Naskh ; elegant Turkish or Persianate hand ; partially seriffed with right-sloping head-serifs on ascenders of letters lām, ṭāʼ, and ẓāʼ but not on free-standing alif ; curvilinear descenders ; rightward descenders tapered ; some elongation of horizontal strokes ; pointing in distinct dots ; fully vocalized.</subfield></datafield><datafield tag="500" ind1=" " ind2=" "><subfield code="a">Layout: Written in 11 lines per page ; frame-ruled.</subfield></datafield><datafield tag="500" ind1=" " ind2=" "><subfield code="a">Collation: i, V-1 (9), 5 V(59), V+1 (70), 5 V(120), i ; chiefly quinions ; many quires loose ; pagination in black ink, Hindu-Arabic numerals ; pagination in pencil, Western numerals, supplied during digitization (includes flyleaves).</subfield></datafield><datafield tag="500" ind1=" " ind2=" "><subfield code="a">Title supplied by cataloguer.</subfield></datafield><datafield tag="500" ind1=" " ind2=" "><subfield code="a">Ms. codex.</subfield></datafield><datafield tag="505" ind1="0" ind2=" "><subfield code="a">4. p.242-p.244 : [blank].</subfield></datafield><datafield tag="505" ind1="0" ind2=" "><subfield code="a">3. p.126-p.241 : [al-Shāfiyah] / Ibn al-Ḥājib.</subfield></datafield><datafield tag="505" ind1="0" ind2=" "><subfield code="a">2. p.124-125 : [blank].</subfield></datafield><datafield tag="505" ind1="0" ind2=" "><subfield code="a">1. p.4-p.123 : [al-Kāfiyah] / Ibn al-Ḥājib.</subfield></datafield><datafield tag="510" ind1="4" ind2=" "><subfield code="a">EI2,</subfield><subfield code="c">v.III, p.781, col.1</subfield></datafield><datafield tag="510" ind1="4" ind2=" "><subfield code="a">Brockelmann, C. GAL,</subfield><subfield code="c">I 303</subfield></datafield><datafield tag="520" ind1="8" ind2=" "><subfield code="a">Fine copy of Ibn al-Ḥājib's (d.1249) two concise grammatical treatises, al-Kāfiyah, on naḥw (syntax), and al-Shāfiyah on ṣarf (morphology).</subfield></datafield><datafield tag="538" ind1=" " ind2=" "><subfield code="a">Mode of access: Internet.</subfield></datafield><datafield tag="541" ind1=" " ind2=" "><subfield code="c">Purchase ;</subfield><subfield code="a">Acquired by purchase (funds donated by Horace Rackham).</subfield><subfield code="d">1924.</subfield></datafield><datafield tag="546" ind1=" " ind2=" "><subfield code="a">Arabic.</subfield></datafield><datafield tag="561" ind1=" " ind2=" "><subfield code="a">Inscriptions in pencil on front flyleaf "249 T. De M. [i.e. Tammaro De Marinis]" and 'title page' (p.3) "91" ; several former owners' marks on 'title page' (p.3) including statement in name of Şerif Paşazade Mehmet Asad reads "من كتب الفقير الى ربه الاحد الصمد شريف باشا زاده محمد اسعد عفي عنهما", statements in name of Muḥammad Farīd (محمد فريد), statement in name of Ibrāhīm Farīd al-Dīn ibn Ḥājjī ʻAlī al-Arḍurūmī reads "قد انتقل الى ملك الى ... ربه القدير ابراهيم فريد الدين ابن حاجي علي الارضرومي", oval seal impression and rectangular seal impression ; oval seal impression repeated several times at close on p.241 ; extensive glosses.</subfield></datafield><datafield tag="650" ind1=" " ind2="0"><subfield code="a">Manuscripts, Arabic</subfield><subfield code="z">Michigan</subfield><subfield code="z">Ann Arbor.</subfield></datafield><datafield tag="650" ind1=" " ind2="0"><subfield code="a">Arabic language</subfield><subfield code="x">Grammar</subfield><subfield code="v">Early works to 1800.</subfield></datafield><datafield tag="650" ind1=" " ind2="0"><subfield code="a">Arabic language</subfield><subfield code="x">Morphology</subfield><subfield code="v">Early works to 1800.</subfield></datafield><datafield tag="650" ind1=" " ind2="0"><subfield code="a">Arabic language</subfield><subfield code="x">Syntax</subfield><subfield code="v">Early works to 1800.</subfield></datafield><datafield tag="655" ind1=" " ind2="7"><subfield code="a">Headpieces (layout features)</subfield><subfield code="y">17th century.</subfield><subfield code="2">aat</subfield></datafield><datafield tag="700" ind1="0" ind2=" "><subfield code="6">880-09</subfield><subfield code="a">Ibrāhīm Farīd al-Dīn ibn Ḥājjī ʻAlī al-Arḍurūmī,</subfield><subfield code="e">former owner.</subfield></datafield><datafield tag="700" ind1="0" ind2=" "><subfield code="6">880-08</subfield><subfield code="a">Muḥammad Farīd,</subfield><subfield code="e">former owner.</subfield></datafield><datafield tag="700" ind1="0" ind2=" "><subfield code="6">880-07</subfield><subfield code="a">Şerif Paşazade Mehmet Asad,</subfield><subfield code="e">former owner.</subfield></datafield><datafield tag="700" ind1="0" ind2=" "><subfield code="a">Abdülhamid</subfield><subfield code="b">II,</subfield><subfield code="c">Sultan of the Turks,</subfield><subfield code="d">1842-1918,</subfield><subfield code="e">former owner.</subfield></datafield><datafield tag="740" ind1="0" ind2="2"><subfield code="6">880-06</subfield><subfield code="a">Taṣrīf</subfield></datafield><datafield tag="740" ind1="0" ind2="2"><subfield code="6">880-05</subfield><subfield code="a">Shāfiyah</subfield></datafield><datafield tag="773" ind1="0" ind2=" "><subfield code="a">Abdul Hamid Collection.</subfield></datafield><datafield tag="880" ind1="0" ind2=" "><subfield code="6">700-09/</subfield><subfield code="a">ابراهيم فريد الدين بن حاجي علي الارضرومي،</subfield><subfield code="e">مالك سابق.</subfield></datafield><datafield tag="880" ind1="0" ind2=" "><subfield code="6">700-08/</subfield><subfield code="a">محمد فريد،</subfield><subfield code="e">مالك سابق.</subfield></datafield><datafield tag="880" ind1="0" ind2=" "><subfield code="6">700-07/</subfield><subfield code="a">شريف پاشا زاده محمد اسعد،</subfield><subfield code="e">مالك سابق.</subfield></datafield><datafield tag="880" ind1="0" ind2="2"><subfield code="6">740-06/</subfield><subfield code="a">تصريف</subfield></datafield><datafield tag="880" ind1="0" ind2="2"><subfield code="6">740-05/</subfield><subfield code="a">شافية</subfield></datafield><datafield tag="880" ind1="1" ind2="2"><subfield code="6">245-03/</subfield><subfield code="a">[الكافية مع الشافية,</subfield><subfield code="f">القرن 17م].</subfield></datafield><datafield tag="880" ind1="1" ind2=" "><subfield code="6">100-01/</subfield><subfield code="a">ابن الحاجب، عثمان بن عمر.</subfield></datafield><datafield tag="CID" ind1=" " ind2=" "><subfield code="a">006795866</subfield></datafield><datafield tag="DAT" ind1="0" ind2=" "><subfield code="a">20190719102636.0</subfield><subfield code="b">20190719000000.0</subfield></datafield><datafield tag="DAT" ind1="1" ind2=" "><subfield code="a">20190719090653.0</subfield><subfield code="b">2019-07-19T16:10:28Z</subfield></datafield><datafield tag="DAT" ind1="2" ind2=" "><subfield code="a">2015-10-02T18:00:03Z</subfield></datafield><datafield tag="CAT" ind1=" " ind2=" "><subfield code="a">SDR-MIU</subfield><subfield code="d">EX LIBRIS - ALEPH</subfield><subfield code="l">prepare.pl-004-008</subfield></datafield><datafield tag="FMT" ind1=" " ind2=" "><subfield code="a">BK</subfield></datafield><datafield tag="HOL" ind1=" " ind2=" "><subfield code="0">sdr-miu006795866</subfield><subfield code="a">MiU</subfield><subfield code="b">SDR</subfield><subfield code="c">MIU</subfield><subfield code="p">mdp.39015079126184</subfield><subfield code="s">MIU</subfield><subfield code="1">006795866</subfield></datafield><datafield tag="974" ind1=" " ind2=" "><subfield code="b">MIU</subfield><subfield code="c">MIU</subfield><subfield code="d">20190719</subfield><subfield code="s">lit-dlps-dc</subfield><subfield code="u">mdp.39015079126184</subfield><subfield code="y">1650</subfield><subfield code="r">pd</subfield><subfield code="q">bib</subfield><subfield code="t">non-US bib date2 &lt; 1879</subfield></datafield></record></collection>